<?xml version="1.0" encoding="UTF-8"?><collection xmlns="http://www.loc.gov/MARC21/slim"><record><leader>00345nam--2200133-i-4500</leader><controlfield tag="001">000024534</controlfield><controlfield tag="002">20161230</controlfield><controlfield tag="005">20161230201035</controlfield><controlfield tag="008">060222s1000------------r-----000-0-eng-d</controlfield><datafield ind1=" " ind2=" " tag="080"><subfield code="a">681.5</subfield></datafield><datafield ind1=" " ind2=" " tag="245"><subfield code="a">Traductoare pentru automatizari industriale</subfield></datafield><datafield ind1=" " ind2=" " tag="260"><subfield code="a">Bucuresti,Editura Tehnica, 1985. 424p</subfield></datafield><datafield ind1=" " ind2=" " tag="700"><subfield code="a">Ionescu, Gabriel/S.A.</subfield></datafield><datafield ind1=" " ind2=" " tag="852"><subfield code="a">72877</subfield></datafield></record></collection>